<record><leader>00000cas a22000007a 4500</leader><controlfield tag="001">14280004</controlfield><controlfield tag="008">860929u1902uuuutxuwr ne      0    0eng d</controlfield><datafield ind1=" " ind2=" " tag="010"><subfield code="a">sn 86089385 </subfield></datafield><datafield ind1=" " ind2=" " tag="040"><subfield code="a">PPM</subfield><subfield code="b">eng</subfield><subfield code="c">PPM</subfield><subfield code="d">OCLCQ</subfield></datafield><datafield ind1=" " ind2=" " tag="042"><subfield code="a">msc</subfield></datafield><datafield ind1="0" ind2="4" tag="245"><subfield code="a">The Huntsville post-item.</subfield></datafield><datafield ind1="1" ind2="3" tag="246"><subfield code="a">Post-item</subfield></datafield><datafield ind1=" " ind2=" " tag="260"><subfield code="a">Huntsville, Tex. :</subfield><subfield code="b">J.A. Palmer</subfield></datafield><datafield ind1=" " ind2=" " tag="300"><subfield code="a">v.</subfield></datafield><datafield ind1=" " ind2=" " tag="310"><subfield code="a">Weekly</subfield></datafield><datafield ind1="1" ind2=" " tag="362"><subfield code="a">Began in 1902?</subfield></datafield><datafield ind1=" " ind2=" " tag="580"><subfield code="a">Formed by the union of: The Huntsville post, and: Item (Huntsville, Tex. : 1850), Aug. 22, 1902.</subfield></datafield><datafield ind1=" " ind2=" " tag="588"><subfield code="a">Description based on: Vol. 53, no. 41 (May 29, 1903).</subfield></datafield><datafield ind1=" " ind2=" " tag="752"><subfield code="a">United States</subfield><subfield code="b">Texas</subfield><subfield code="c">Walker</subfield><subfield code="d">Huntsville.</subfield></datafield><datafield ind1="1" ind2="4" tag="780"><subfield code="t">Huntsville post</subfield></datafield><datafield ind1="1" ind2="4" tag="780"><subfield code="t">Item (Huntsville, Tex. : 1850)</subfield></datafield><datafield ind1="1" ind2=" " tag="029"><subfield code="a">AU@</subfield><subfield code="b">000025840110</subfield></datafield></record>